<?xml version="1.0" encoding="UTF-8"?><collection xmlns="http://www.loc.gov/MARC21/slim"><record><leader>00442nam--2200181-i-4500</leader><controlfield tag="001">000036709</controlfield><controlfield tag="002">20161230</controlfield><controlfield tag="005">20161230201041</controlfield><controlfield tag="008">060222s1000------------r-----000-0-fre-d</controlfield><datafield ind1=" " ind2=" " tag="040"><subfield code="a">IFIN-HH</subfield></datafield><datafield ind1=" " ind2=" " tag="041"><subfield code="a">fre</subfield></datafield><datafield ind1=" " ind2=" " tag="080"><subfield code="a">531</subfield></datafield><datafield ind1="1" ind2=" " tag="100"><subfield code="a">Platrier, Charles</subfield></datafield><datafield ind1="1" ind2="0" tag="245"><subfield code="a">Mecanique rationnelle</subfield><subfield code="b">Vol. 2</subfield><subfield code="c">Charles Platrier</subfield></datafield><datafield ind1=" " ind2=" " tag="260"><subfield code="a">Paris, Dunod, 1954-1955</subfield></datafield><datafield ind1=" " ind2=" " tag="300"><subfield code="a">XI + 444P</subfield></datafield><datafield ind1=" " ind2=" " tag="852"><subfield code="a">10909</subfield><subfield code="c">531</subfield></datafield><datafield ind1=" " ind2=" " tag="CAT"><subfield code="a">Sys</subfield><subfield code="c">20100622</subfield><subfield code="h">095949</subfield></datafield></record></collection>